@article{norris1998,
  title={Markov Chains},
  author={Norris, James},
  pages={1--56},
  publisher={Cambridge University Press}
}

@article{ratnaparkhi1996,
  title={A Maximum Entropy Model for Part-Of-Speech Tagging},
  author={Ratnaparkhi, Adwait},
  year={1996}
}

@article{Szymanski2014,
  title={Hidden Markov Models Suitable for Text Generation},
  author={Szymanski, Grzegorz and Ciota, Zygmnut},
  year={2014}
}

@article{volfovsky2007,
  title={Markov Chains and Applications},
  author={Volfovsky, Alexander},
  year={2007}
}